<?xml version="1.0" encoding="UTF-8"?>
<collection xmlns:xsi="http://www.w3.org/2001/XMLSchema-instance" xsi:schemaLocation="http://www.loc.gov/MARC21/slim http://www.loc.gov/standards/marcxml/schema/MARC21slim.xsd" xmlns="http://www.loc.gov/MARC21/slim">
<record>
  <leader>01235cam a22002771i 4500</leader>
  <controlfield tag="001">2596114</controlfield>
  <controlfield tag="003">NNC</controlfield>
  <controlfield tag="005">20151019143127.0</controlfield>
  <controlfield tag="008">891212m19451947tu            000 0 ara  </controlfield>
  <datafield tag="010" ind1=" " ind2=" ">
    <subfield code="a">   73298720  </subfield>
  </datafield>
  <datafield tag="035" ind1=" " ind2=" ">
    <subfield code="a">(OCoLC)505736326</subfield>
  </datafield>
  <datafield tag="035" ind1=" " ind2=" ">
    <subfield code="a">(OCoLC)ocn505736326</subfield>
  </datafield>
  <datafield tag="035" ind1=" " ind2=" ">
    <subfield code="9">AQT5683CU</subfield>
  </datafield>
  <datafield tag="035" ind1=" " ind2=" ">
    <subfield code="a">(NNC)2596114</subfield>
  </datafield>
  <datafield tag="040" ind1=" " ind2=" ">
    <subfield code="a">DLC</subfield>
    <subfield code="c">MiU</subfield>
    <subfield code="d">CU</subfield>
  </datafield>
  <datafield tag="050" ind1=" " ind2="4">
    <subfield code="a">Z 7052</subfield>
    <subfield code="b">.I84 1945</subfield>
  </datafield>
  <datafield tag="090" ind1=" " ind2=" ">
    <subfield code="a">Z7052</subfield>
    <subfield code="b">.I82</subfield>
  </datafield>
  <datafield tag="100" ind1="0" ind2=" ">
    <subfield code="a">Ismail,</subfield>
    <subfield code="c">Paşa,</subfield>
    <subfield code="d">1839-1920.</subfield>
  </datafield>
  <datafield tag="245" ind1="1" ind2="0">
    <subfield code="a">Kitāb īḍāḥ al-maknūn fī al-dhayl ʻalá Kashf al-ẓunūn :</subfield>
    <subfield code="b">ʻan asāmī al-kutub wa-al-funūn /</subfield>
    <subfield code="c">li-Ismāʻīl Bāshā Muḥammad Amīn ibn Mīr Salīm al-Bābānī aṣlan wa-al-Baghdādī mawlidan wa-maskanan ; ʻuniya bi-taṣḥīḥihi wa-ṭabʻihi ʻalá nuskhat al-muʼallif Muḥammad Sharaf al-Dīn Yāltqāyā wa-Rifʻat Bīlkah al-Kilīsī.</subfield>
  </datafield>
  <datafield tag="260" ind1=" " ind2=" ">
    <subfield code="a">Istanbul,</subfield>
    <subfield code="b">Milli Eḡitim Basimevi,</subfield>
    <subfield code="c">1945-47</subfield>
  </datafield>
  <datafield tag="300" ind1=" " ind2=" ">
    <subfield code="a">2 v.</subfield>
    <subfield code="b">port.</subfield>
    <subfield code="c">31 cm.</subfield>
  </datafield>
  <datafield tag="500" ind1=" " ind2=" ">
    <subfield code="a">Added t.p.: Kesf-el-zunum zayli yazan, Bagdath Ismail Paṣa.</subfield>
  </datafield>
  <datafield tag="650" ind1=" " ind2="0">
    <subfield code="a">Arabic literature</subfield>
    <subfield code="v">Bibliography.</subfield>
  </datafield>
  <datafield tag="700" ind1="0" ind2=" ">
    <subfield code="a">Kâtip Çelebi,</subfield>
    <subfield code="d">1609-1657.</subfield>
    <subfield code="t">Kushf al-zunūn.</subfield>
  </datafield>
  <datafield tag="740" ind1="0" ind2=" ">
    <subfield code="a">Idāh al-makuān fi al-dinyi aid Kashf ai zunūn.</subfield>
  </datafield>
  <datafield tag="955" ind1=" " ind2=" ">
    <subfield code="b">0113377655</subfield>
    <subfield code="d">glx</subfield>
    <subfield code="e">Z7052 .I82</subfield>
    <subfield code="v">v.2</subfield>
  </datafield>
</record>
</collection>